<collection xmlns="http://www.loc.gov/MARC21/slim"><record><leader>00843nam  2200241   450</leader><controlfield tag="001">486</controlfield><controlfield tag="003">http://montalegre.opacnet.com/OPAC/default.aspx?ContentAreaControl=ShowRegHoldings.ascx&amp;RegNo=16662</controlfield><datafield tag="095" ind1=" " ind2=" "><subfield code="a">PTBN00043027</subfield></datafield><datafield tag="100" ind1=" " ind2=" "><subfield code="a">19870717d1987    m  y0pora010305  ba</subfield></datafield><datafield tag="101" ind1="1" ind2=" "><subfield code="a">por</subfield><subfield code="c">eng</subfield></datafield><datafield tag="102" ind1=" " ind2=" "><subfield code="a">PT</subfield></datafield><datafield tag="200" ind1="1" ind2=" "><subfield code="a">Verão perigoso</subfield><subfield code="f">Ernst Hemingway</subfield><subfield code="g">trad. Eduardo Saló</subfield><subfield code="g">pref. James A. Michener</subfield></datafield><datafield tag="210" ind1=" " ind2=" "><subfield code="a">Lisboa</subfield><subfield code="c">Livros do Brasil</subfield><subfield code="d">1987</subfield></datafield><datafield tag="215" ind1=" " ind2=" "><subfield code="a">245 p., [16] p.</subfield><subfield code="c">il.</subfield><subfield code="d">22 cm</subfield></datafield><datafield tag="225" ind1="2" ind2=" "><subfield code="a">Dois mundos</subfield><subfield code="v">163</subfield></datafield><datafield tag="304" ind1=" " ind2=" "><subfield code="a">Tít. orig. The dangerous summer</subfield></datafield><datafield tag="675" ind1=" " ind2=" "><subfield code="a">821</subfield><subfield code="v">bn</subfield><subfield code="z">por</subfield></datafield><datafield tag="700" ind1=" " ind2="1"><subfield code="a">Hemingway</subfield><subfield code="b">Ernest</subfield><subfield code="f">1899-1961</subfield></datafield><datafield tag="702" ind1=" " ind2="1"><subfield code="a">Saló</subfield><subfield code="b">Eduardo</subfield><subfield code="4">730</subfield></datafield><datafield tag="702" ind1=" " ind2="1"><subfield code="a">Michener</subfield><subfield code="b">James A.</subfield><subfield code="f">1907-</subfield><subfield code="4">080</subfield></datafield><datafield tag="801" ind1=" " ind2="0"><subfield code="a">PT</subfield><subfield code="b">Biblioteca Municipal de Montalegre</subfield><subfield code="g">RPC</subfield></datafield><datafield tag="856" ind1=" " ind2=" "><subfield code="u">locateMedia.asp?cod=20060517150150&amp;ext=jpg</subfield><subfield code="z">CAPA</subfield></datafield><datafield tag="909" ind1="&#9;" ind2=" "><subfield code="a">2</subfield></datafield><datafield tag="966" ind1=" " ind2=" "><subfield code="a">0008619</subfield><subfield code="l">BMM</subfield><subfield code="s">SCG 821 HEM ver 163</subfield></datafield><datafield tag="966" ind1=" " ind2=" "><subfield code="a">0008618</subfield><subfield code="l">BMM</subfield><subfield code="s">SCG 821 HEM ver 163</subfield></datafield></record></collection>